@online{dlmalloc,
  author = {Doug Lea},
  title  = {A Memory Allocator},
  url    = {http://gee.cs.oswego.edu/dl/html/malloc.html}
}

@inproceedings{freeguard,
  author    = {Silvestro, Sam and Liu, Hongyu and Crosser, Corey and Lin, Zhiqiang and Liu, Tongping},
  title     = {FreeGuard: A Faster Secure Heap Allocator},
  year      = {2017},
  isbn      = {9781450349468},
  publisher = {Association for Computing Machinery},
  address   = {New York, NY, USA},
  url       = {https://doi.org/10.1145/3133956.3133957},
  doi       = {10.1145/3133956.3133957},
  booktitle = {Proceedings of the 2017 ACM SIGSAC Conference on Computer and Communications Security},
  pages     = {2389–2403},
  numpages  = {15},
  keywords  = {heap allocator, memory vulnerabilities, memory safety},
  location  = {Dallas, Texas, USA},
  series    = {CCS '17}
}

@inproceedings{guarder,
  author    = {Sam Silvestro and Hongyu Liu and Tianyi Liu and Zhiqiang Lin and Tongping Liu},
  title     = {Guarder: A Tunable Secure Allocator},
  booktitle = {27th USENIX Security Symposium (USENIX Security 18)},
  year      = {2018},
  isbn      = {978-1-939133-04-5},
  address   = {Baltimore, MD},
  pages     = {117--133},
  url       = {https://www.usenix.org/conference/usenixsecurity18/presentation/silvestro},
  publisher = {USENIX Association},
  month     = aug
}

@online{mmap_man_page,
  title   = {mmap(2) — Linux manual page},
  url     = {https://man7.org/linux/man-pages/man2/mmap.2.html},
  journal = {man7.org},
  author  = {Brouwer, Andries and Kerrisk, Michael},
  year    = {2007}
}

@online{openbsd_man_page,
  title   = {malloc(3) - OpenBSD manual pages},
  url     = {https://man.openbsd.org/free},
  journal = {OpenBSD manual page server}
}

@techreport{security_mem_cpp,
  title       = {Security of memory allocators for C and C++},
  author      = {Younan, Yves and Joosen, Wouter and Piessens, Frank and den Eynden, HV},
  month       = {07},
  year        = {2005},
  institution = {Technical Report CW 419, Department of Computer Science, Katholieke Universiteit Leuven},
  url         = {https://distrinet.cs.kuleuven.be/projects/sobenet/dissemination/docs/CW419.pdf}
}

 @inproceedings{slimguard,
  author    = {Liu, Beichen and Olivier, Pierre and Ravindran, Binoy},
  title     = {SlimGuard: A Secure and Memory-Efficient Heap Allocator},
  year      = {2019},
  isbn      = {9781450370097},
  publisher = {Association for Computing Machinery},
  address   = {New York, NY, USA},
  url       = {https://doi.org/10.1145/3361525.3361532},
  doi       = {10.1145/3361525.3361532},
  booktitle = {Proceedings of the 20th International Middleware Conference},
  pages     = {1–13},
  numpages  = {13},
  keywords  = {dynamic memory allocation, memory safety},
  location  = {Davis, CA, USA},
  series    = {Middleware '19}
} 